@techreport{rfcYang,
    AUTHOR = "{Internet Engineering Task Force}",
    TITLE = "{The YANG 1.1 Data Modeling Language}",
    TYPE="{RFC}",
    YEAR = {2016},
    MONTH = {August},
    URL={https://tools.ietf.org/html/rfc7950}
}

@techreport{rfcNetconf,
    AUTHOR = "{Internet Engineering Task Force}",
    TITLE = "{Network Configuration Protocol (NETCONF)}",
    TYPE="{RFC}",
    YEAR = {2011},
    MONTH = {June},
    URL={https://tools.ietf.org/html/rfc6241}
}

